% ref.bib
% Encoding: UTF8

@BOOK{
    baz,
    title = {Dummy Book},
    publisher = {Egypt},
    year = {321},
    author = {The King}
}
